<collection xmlns="http://www.loc.gov/MARC21/slim">
<record>
  <leader>00780nam0a22002051i 450 </leader>
  <controlfield tag="001">IT\ICCU\CNCE\061820</controlfield>
  <controlfield tag="005">20051011000000.0</controlfield>
  <datafield tag="100" ind1=" " ind2=" ">
    <subfield code="a">20051011f1580        0itac0103    ba</subfield>
  </datafield>
  <datafield tag="101" ind1=" " ind2=" ">
    <subfield code="a">ITA</subfield>
  </datafield>
  <datafield tag="102" ind1=" " ind2=" ">
    <subfield code="a">IT</subfield>
  </datafield>
  <datafield tag="200" ind1="1" ind2=" ">
    <subfield code="a">℗La ℗rappresentatione &amp; festa: di Agnolo hebreo ...</subfield>
  </datafield>
  <datafield tag="210" ind1=" " ind2=" ">
    <subfield code="a">Siena</subfield>
    <subfield code="d">\circa 1580!</subfield>
  </datafield>
  <datafield tag="215" ind1=" " ind2=" ">
    <subfield code="a">\4! c.</subfield>
    <subfield code="c">ill.</subfield>
    <subfield code="d">4ʻ</subfield>
  </datafield>
  <datafield tag="300" ind1=" " ind2=" ">
    <subfield code="a">Per la data e il nome del tipografo Luca Bonetti cfr.: A. Cioni, Bibliografia delle sacre rappresentazioni, p. 86</subfield>
  </datafield>
  <datafield tag="500" ind1="1" ind2="1">
    <subfield code="3">IT\ICCU\CNCE\061818</subfield>
    <subfield code="a">Rappresentazione di s. Angelo ebreo</subfield>
  </datafield>
  <datafield tag="620" ind1=" " ind2=" ">
    <subfield code="a">IT</subfield>
    <subfield code="d">Siena</subfield>
  </datafield>
  <datafield tag="712" ind1="0" ind2="0">
    <subfield code="a">Bonetti, Luca</subfield>
    <subfield code="3">IT\ICCU\CNCT\000623</subfield>
    <subfield code="4">650</subfield>
  </datafield>
  <datafield tag="791" ind1="0" ind2="0">
    <subfield code="a">Bonettus, Lucas</subfield>
    <subfield code="3">IT\ICCU\CNCT\004717</subfield>
    <subfield code="z">Bonetti, Luca</subfield>
  </datafield>
  <datafield tag="791" ind1="0" ind2="2">
    <subfield code="a">Stamperia del Bonetto</subfield>
    <subfield code="3">IT\ICCU\CNCT\004718</subfield>
    <subfield code="z">Bonetti, Luca</subfield>
  </datafield>
  <datafield tag="801" ind1=" " ind2="3">
    <subfield code="a">IT</subfield>
    <subfield code="b">ICCU</subfield>
    <subfield code="c">20201115</subfield>
  </datafield>
</record>
</collection>
